<record><leader>00000cas a22000007a 4500</leader><controlfield tag="001">14219156</controlfield><controlfield tag="008">860915d1uuu1965txuwr ne      0    0eng d</controlfield><datafield ind1=" " ind2=" " tag="010"><subfield code="a">sn 86089080 </subfield></datafield><datafield ind1=" " ind2=" " tag="040"><subfield code="a">PPM</subfield><subfield code="b">eng</subfield><subfield code="c">PPM</subfield><subfield code="d">OCLCQ</subfield></datafield><datafield ind1=" " ind2=" " tag="042"><subfield code="a">msc</subfield></datafield><datafield ind1="0" ind2="4" tag="245"><subfield code="a">The Giddings news.</subfield></datafield><datafield ind1="1" ind2="3" tag="246"><subfield code="a">Giddings weekly news</subfield></datafield><datafield ind1=" " ind2=" " tag="260"><subfield code="a">Giddings, Tex. :</subfield><subfield code="b">Giddings News Pub. Co.</subfield></datafield><datafield ind1=" " ind2=" " tag="300"><subfield code="a">v.</subfield></datafield><datafield ind1=" " ind2=" " tag="310"><subfield code="a">Weekly</subfield></datafield><datafield ind1="1" ind2=" " tag="362"><subfield code="a">Ceased in 1965.</subfield></datafield><datafield ind1=" " ind2=" " tag="500"><subfield code="a">Continues numbering of: Giddings weekly news.</subfield></datafield><datafield ind1=" " ind2=" " tag="588"><subfield code="a">Description based on: Vol. 25, no. 6 (May 2, 1913).</subfield></datafield><datafield ind1=" " ind2=" " tag="752"><subfield code="a">United States</subfield><subfield code="b">Texas</subfield><subfield code="c">Lee</subfield><subfield code="d">Giddings.</subfield></datafield><datafield ind1="0" ind2="0" tag="780"><subfield code="t">Giddings weekly news</subfield><subfield code="w">(DLC)sn 86089081</subfield></datafield><datafield ind1="0" ind2="0" tag="785"><subfield code="t">Lee County news (Giddings, Tex.)</subfield><subfield code="w">(DLC)sn 88083560</subfield></datafield></record>